
@inproceedings{forestMa,
 author = {Ma, Sai and Pal, Debjit and Jiang, Rui and Ray, Sandip and Vasudevan, Shobha},
 title = {Can'T See the Forest for the Trees: State Restoration's Limitations in Post-silicon Trace Signal Selection},
 booktitle = {Proceedings of the IEEE/ACM International Conference on Computer-Aided Design},
 series = {ICCAD '15},
 year = {2015},
 isbn = {978-1-4673-8389-9},
 location = {Austin, TX, USA},
 pages = {1--8},
 numpages = {8},
 url = {http://dl.acm.org/citation.cfm?id=2840819.2840820},
 acmid = {2840820},
 publisher = {IEEE Press},
 address = {Piscataway, NJ, USA},
} 

@article{qed,
  title={Effective Post-Silicon Validation of System-on-Chips Using Quick Error Detection},
  author={Lin, Dongyang and Hong, Tianqi and Li, Yanjing and Eswaran, S and Kumar, Sudhakar and Fallah, Farzan and Hakim, Nagib and Gardner, Donald S and Mitra, Subhasish},
  journal={Computer-Aided Design of Integrated Circuits and Systems, IEEE Transactions on},
  volume={33},
  number={10},
  pages={1573--1590},
  year={2014},
  publisher={IEEE}
}


@inproceedings{commonplatform,
  title={A common platform for bridging pre-and post-silicon verification in mixed-signal designs},
  author={Widhalm, Dominik and Tauner, Stefan and Horauer, Martin and Schumacher, Achim and Haggenmiller, Alexander},
  booktitle={Instrumentation and Measurement Technology Conference (I2MTC), 2015 IEEE International},
  pages={1584--1589},
  year={2015},
  organization={IEEE}
}

@inproceedings{leey2016probabilistic,
  title={Probabilistic bug-masking analysis for post-silicon tests in microprocessor verification},
  author={Leey, Doowon and Kolanz, Tom and Morgenshteinz, Arkadiy and Sokhinz, Vitali and Moradz, Ronny and Ziv, Avi and Bertaccoy, Valeria},
  booktitle={Proceedings of the 53rd Annual Design Automation Conference},
  pages={24},
  year={2016},
  organization={ACM}
}

@ARTICLE{validationWall, 
author={P. Patra}, 
journal={IEEE Design Test of Computers}, 
title={On the cusp of a validation wall}, 
year={2007}, 
volume={24}, 
number={2}, 
pages={193-196}, 
keywords={formal specification;formal verification;postsilicon validation;product specifications;reference specifications;Circuit testing;Computer architecture;Computer bugs;Debugging;Energy management;Fasteners;Logic;Observability;Silicon;Turning;logic;low DPM;modular validation;validation wall;virtual platform}, 
doi={10.1109/MDT.2007.54}, 
ISSN={0740-7475}, 
month={March},}

@inproceedings{fw,
 author = {Abarbanel, Yael and Singerman, Eli and Vardi, Moshe Y.},
 title = {Validation of SoC Firmware-Hardware Flows: Challenges and Solution Directions},
 booktitle = {Proceedings of the 51st Annual Design Automation Conference},
 series = {DAC '14},
 year = {2014},
 isbn = {978-1-4503-2730-5},
 location = {San Francisco, CA, USA},
 pages = {2:1--2:4},
 articleno = {2},
 numpages = {4},
 url = {http://doi.acm.org/10.1145/2593069.2596692},
 doi = {10.1145/2593069.2596692},
 acmid = {2596692},
 publisher = {ACM},
 address = {New York, NY, USA},
 keywords = {Debug, Emulation, FPGA, Flows, Formal Analysis, Hardware-Software co-validation, Simulation, SoC, Validation, Virtual Platform},
} 

@article{mammo2015post,
  title={Post-silicon validation of multiprocessor memory consistency},
  author={Mammo, Biruk W and Bertacco, Valeria and DeOrio, Andrew and Wagner, Ilya},
  journal={IEEE Transactions on Computer-Aided Design of Integrated Circuits and Systems},
  volume={34},
  number={6},
  pages={1027--1037},
  year={2015},
  publisher={IEEE}
}